% Encoding: UTF-8

@Book{Kak2001,
  title     = {{Principles of Computerized Tomographic Imaging}},
  publisher = {SIAM},
  year      = {2001},
  author    = {Kak, Aninash C. and Slaney, Malcom G.},
  editor    = {O'Malley, Robert E.},
  address   = {Philadelphia, USA},
  isbn      = {089871494X},
  doi       = {10.1137/1.9780898719277},
  keywords  = {tomography},
  pages     = {327},
  url       = {http://www.slaney.org/pct/pct-toc.html},
}

@Article{Mueller2015tilted,
  author  = {Müller, Paul and Schürmann, Mirjam and Chan, Chii J and Guck, Jochen},
  title   = {{Single-cell diffraction tomography with optofluidic rotation about a tilted axis}},
  journal = {Proc. SPIE},
  year    = {2015},
  volume  = {9548},
  pages   = {95480U--95480U--5},
  doi     = {10.1117/12.2191501},
}

@Article{Mueller2015,
  author  = {Müller, Paul and Schürmann, Mirjam and Guck, Jochen},
  title   = {{ODTbrain: a Python library for full-view, dense diffraction tomography}},
  journal = {BMC Bioinformatics},
  year    = {2015},
  volume  = {16},
  number  = {1},
  pages   = {1--9},
  issn    = {1471-2105},
  doi     = {10.1186/s12859-015-0764-0},
}

@Article{Mueller2015arxiv,
  author        = {Müller, Paul and Schürmann, Mirjam and Guck, Jochen},
  title         = {{The Theory of Diffraction Tomography}},
  journal       = {ArXiv e-prints},
  year          = {2015},
  archiveprefix = {arXiv},
  arxivid       = {q-bio.QM/1507.00466v2},
  eprint        = {1507.00466v2},
  keywords      = {81U40,J.2,Physics - Biological Physics,Physics - Optics,Quantitative Biology - Quantitative Methods},
  primaryclass  = {q-bio.QM},
}

@Article{Tam1981,
  author    = {Tam, K C and Perez-Mendez, V},
  title     = {{Tomographical imaging with limited-angle input}},
  journal   = {J. Opt. Soc. Am.},
  year      = {1981},
  volume    = {71},
  number    = {5},
  pages     = {582--592},
  doi       = {10.1364/JOSA.71.000582},
  keywords  = {tomography},
  publisher = {OSA},
}

@Article{Wolf1969,
  author   = {Wolf, Emil},
  title    = {{Three-dimensional structure determination of semi-transparent objects from holographic data}},
  journal  = {Optics Communications},
  year     = {1969},
  volume   = {1},
  number   = {4},
  pages    = {153--156},
  month    = {sep},
  issn     = {00304018},
  doi      = {10.1016/0030-4018(69)90052-2},
  keywords = {tomography},
}

@Article{Schuermann2017,
  author    = {M. Schürmann and G. Cojoc and S. Girardo and E. Ulbricht and J. Guck and P. Müller},
  title     = {Three-dimensional correlative single-cell imaging utilizing fluorescence and refractive index tomography},
  journal   = {Journal of Biophotonics},
  year      = {2017},
  volume    = {11},
  number    = {3},
  pages     = {e201700145},
  month     = {aug},
  doi       = {10.1002/jbio.201700145},
  publisher = {Wiley-Blackwell},
}

@Article{Vertu2009,
  author    = {Vertu, Stanislas and Delaunay, Jean-Jacques and Yamada, Ichiro and Haeberlé, Olivier},
  title     = {{Diffraction microtomography with sample rotation: influence of a missing apple core in the recorded frequency space}},
  journal   = {Central European Journal of Physics},
  year      = {2009},
  volume    = {7},
  number    = {1},
  pages     = {22--31},
  issn      = {1895-1082},
  doi       = {10.2478/s11534-008-0154-6},
  keywords  = {Fourier optics,holographic interferometry,image reconstruction,tomography},
  publisher = {SP Versita},
}

@Comment{jabref-meta: databaseType:bibtex;}
