@article{abrahamson96,
  title={Description and validation of the stochastic ground motion model},
  author={Silva, WJ and Abrahamson, Norman and Toro, Giulio and Costantino, Carl},
  journal={Submitted to Brookhaven National Laboratory, Associated Universities, Inc. Upton, New York},
  year={1997}
}

@article{abrahamson14,
    title={Summary of the {ASK14} ground motion relation for active crustal
        regions},
    author={Abrahamson, Norman A and Silva, Walter J and Kamai, Ronnie},
    journal={Earthquake Spectra},
    volume={30},
    number={3},
    pages={1025--1055},
    year={2014},
    publisher={Earthquake Engineering Research Institute}
}

@article{abrahamson16,
  title={BC Hydro ground motion prediction equations for subduction earthquakes},
  author={Abrahamson, Norman A and Gregor, Nicholas and Addo, Kofi},
  journal={Earthquake Spectra},
  volume={32},
  number={1},
  pages={23--44},
  year={2016},
  publisher={Earthquake Engineering Research Institute}
}

@article{akkar14,
  title={Empirical ground-motion models for point-and extended-source crustal
   earthquake scenarios in {E}urope and the {M}iddle {E}ast},
  author={Akkar, S and Sandikkaya, MA and Bommer, Julian J},
  journal={Bulletin of earthquake engineering},
  volume={12},
  number={1},
  pages={359--387},
  year={2014},
  publisher={Springer},
  doi={10.1007/10518-013-9461-4}
}

@article{atkinson06,
    title={Earthquake ground-motion prediction equations for eastern {N}orth
        {A}merica},
    author={Atkinson, Gail M. and Boore, David M.},
    journal={Bulletin of the Seismological Society of America},
    volume={96},
    number={6},
    pages={2181--2205},
    year={2006},
    publisher={Seismological Society of America}
}

@article{baker08,
  title={Correlation of spectral acceleration values from NGA ground motion models},
  author={Baker, Jack W and Jayaram, Nirmal},
  journal={Earthquake Spectra},
  volume={24},
  number={1},
  pages={299--317},
  year={2008}
}

@article{boore14,
    title={{{NGA}-West2} equations for predicting PGA, PGV, and 5\% damped PSA
        for shallow crustal earthquakes},
    author={Boore, David M and Stewart, Jonathan P and Seyhan, Emel and
        Atkinson, Gail M},
    journal={Earthquake Spectra},
    volume={30},
    number={3},
    pages={1057--1085},
    year={2014},
    publisher={Earthquake Engineering Research Institute}
}

@article{campbell03,
    title={Prediction of strong ground motion using the hybrid empirical
        method and its use in the development of ground-motion (attenuation)
            relations in eastern {N}orth {A}merica},
    author={Campbell, Kenneth W},
    journal={Bulletin of the Seismological Society of America},
    volume={93},
    number={3},
    pages={1012--1033},
    year={2003},
    publisher={Seismological Society of America}
}

@article{campbell14,
    title={{{NGA}-West2} ground motion model for the average horizontal
        components of PGA, PGV, and 5\% damped linear acceleration response
            spectra},
    author={Campbell, Kenneth W and Bozorgnia, Yousef},
    journal={Earthquake Spectra},
    volume={30},
    number={3},
    pages={1087--1115},
    year={2014},
    publisher={Earthquake Engineering Research Institute}
}

@article{chiou14,
  title={Update of the Chiou and Youngs {NGA} model for the average horizontal
      component of peak ground motion and response spectra},
  author={Chiou, Brian S-J and Youngs, Robert R},
  journal={Earthquake Spectra},
  volume={30},
  number={3},
  pages={1117--1153},
  year={2014},
  publisher={Earthquake Engineering Research Institute}
}

@article{derras14,
  title={Towards fully data driven ground-motion prediction models for
  {E}urope},
  author={Derras, Boum{\'e}di{\`e}ne and Bard, Pierre Yves and Cotton, Fabrice},
  journal={Bulletin of {E}arthquake {E}ngineering},
  volume={12},
  number={1},
  pages={495--516},
  year={2014},
  publisher={Springer},
  doi={10.1007/s10518-013-9481-0}
}

@article{gulerce11,
  title={Site-specific design spectra for vertical ground motion},
  author={G{\"u}lerce, Zeynep and Abrahamson, Norman A},
  journal={Earthquake Spectra},
  volume={27},
  number={4},
  pages={1023--1047},
  year={2011}
}

@article{hermkes14,
  title={Simultaneous quantification of epistemic and aleatory uncertainty in GMPEs using Gaussian process regression},
  author={Hermkes, Marcel and Kuehn, Nicolas M and Riggelsen, Carsten},
  journal={Bulletin of earthquake engineering},
  volume={12},
  number={1},
  pages={449--466},
  year={2014},
  publisher={Springer}
}

@article{idriss14,
    title={An {{NGA}-West2} empirical model for estimating the horizontal spectral
        values generated by shallow crustal earthquakes},
    author={Idriss, IM},
    journal={Earthquake Spectra},
    volume={30},
    number={3},
    pages={1155--1177},
    year={2014},
    publisher={Earthquake Engineering Research Institute}
}

@article{kishida17,
  title={Conditional Mean Spectra Given a Vector of Spectral Accelerations at Multiple Periods},
  author={Kishida, Tadahiro},
  journal={Earthquake Spectra},
  year={2017},
  publisher={Earthquake Engineering Research Institute}
}

@article{pezeshk11,
    title={Hybrid empirical ground-motion prediction equations for eastern
        {N}orth {A}merica using {NGA} models and updated seismological parameters},
    author={Pezeshk, Shahram and Zandieh, Arash and Tavakoli, Behrooz},
    journal={Bulletin of the Seismological Society of America},
    volume={101},
    number={4},
    pages={1859--1870},
    year={2011},
    publisher={Seismological Society of America}
}

@article{spudich14,
  title={Comparison of {NGA}-{W}est2 directivity models},
  author={Spudich, Paul and Rowshandel, Badie and Shahi, Shrey K and Baker, Jack W and Chiou, Brian S-J},
  journal={Earthquake Spectra},
  volume={30},
  number={3},
  pages={1199--1221},
  year={2014},
  publisher={Earthquake Engineering Research Institute}
}

@article{tavakoli05,
  title={Empirical-stochastic ground-motion prediction for eastern {N}orth
      {A}merica},
  author={Tavakoli, Behrooz and Pezeshk, Shahram},
  journal={Bulletin of the Seismological Society of America},
  volume={95},
  number={6},
  pages={2283--2296},
  year={2005},
  publisher={Seismological Society of America}
}
